@inproceedings{stability,
  title={2.080 Structural Mechanics Stability of Elastic Structures},
  author={},
  year={2014},
  url={https://api.semanticscholar.org/CorpusID:30595920}
}