@misc{europaHighPerformance,
	author = {},
	title = {{H}igh {P}erformance {C}omputing --- digital-strategy.ec.europa.eu},
	howpublished = {\url{https://digital-strategy.ec.europa.eu/en/policies/high-performance-computing}},
	year = {},
	note = {[Accessed 03-03-2025]},
}