@book{understanding,
        author = "Simon J.D. Prince",
        title = "Understanding Deep Learning",
        publisher = "The MIT Press",
        year = 2023,
        url = "http://udlbook.com"
    }