@misc{howardhinnant,
	author = {},
	title = {{C}++ class declarations --- howardhinnant.github.io},
	howpublished = {\url{https://howardhinnant.github.io/classdecl.html}},
	year = {},
}