@book{kearns1994introduction,
  title={An introduction to computational learning theory},
  author={Kearns, Michael J and Vazirani, Umesh},
  year={1994},
  publisher={MIT press}
}